<?xml version="1.0" encoding="UTF-8"?><collection xmlns="http://www.loc.gov/MARC21/slim"><record><leader>00547nam--2200169-i-4500</leader><controlfield tag="001">000034816</controlfield><controlfield tag="002">20161230</controlfield><controlfield tag="005">20161230201040</controlfield><controlfield tag="008">060222s1000------------r-----000-0-eng-d</controlfield><datafield ind1=" " ind2=" " tag="040"><subfield code="a">IFIN-HH</subfield></datafield><datafield ind1=" " ind2=" " tag="080"><subfield code="a">015:537.531:523.16:539.122.03</subfield></datafield><datafield ind1="1" ind2=" " tag="100"><subfield code="a">Niel, Michel</subfield></datafield><datafield ind1="1" ind2="0" tag="245"><subfield code="a">Recherche en ballon de sources de rayonnement gamma cosmique d`energie superieure a 60 mev</subfield><subfield code="b">These</subfield><subfield code="c">Michel niel</subfield></datafield><datafield ind1=" " ind2=" " tag="260"><subfield code="a">Toulouse</subfield><subfield code="b">Faculte Des Sciences De L`Universite Paul-sabatier</subfield><subfield code="c">1971</subfield></datafield><datafield ind1=" " ind2=" " tag="300"><subfield code="a">165P</subfield></datafield><datafield ind1=" " ind2=" " tag="852"><subfield code="a">38010</subfield><subfield code="c">539.13</subfield></datafield><datafield ind1=" " ind2=" " tag="CAT"><subfield code="a">Sys</subfield><subfield code="c">20120227</subfield><subfield code="h">122440</subfield></datafield></record></collection>